%YAML 1.1
%TAG !u! tag:unity3d.com,2011:
--- !u!1 &76008138
GameObject:
  m_ObjectHideFlags: 0
  m_CorrespondingSourceObject: {fileID: 0}
  m_PrefabInstance: {fileID: 0}
  m_PrefabAsset: {fileID: 0}
  serializedVersion: 6
  m_Component:
  - component: {fileID: 76008139}
  m_Layer: 0
  m_Name: Pole
  m_TagString: Untagged
  m_Icon: {fileID: -5442936267250999957, guid: 0000000000000000d000000000000000, type: 0}
  m_NavMeshLayer: 0
  m_StaticEditorFlags: 0
  m_IsActive: 1
--- !u!4 &76008139
Transform:
  m_ObjectHideFlags: 0
  m_CorrespondingSourceObject: {fileID: 0}
  m_PrefabInstance: {fileID: 0}
  m_PrefabAsset: {fileID: 0}
  m_GameObject: {fileID: 76008138}
  m_LocalRotation: {x: -0, y: -0, z: 1.0226801e-30, w: 1}
  m_LocalPosition: {x: -0.024999974, y: 0.72246236, z: 0.8346514}
  m_LocalScale: {x: 0.83333313, y: 0.83333313, z: 0.83333313}
  m_Children: []
  m_Father: {fileID: 1756653399051270012}
  m_RootOrder: 3
  m_LocalEulerAnglesHint: {x: 0, y: 0, z: 0}
--- !u!1 &1187897177
GameObject:
  m_ObjectHideFlags: 0
  m_CorrespondingSourceObject: {fileID: 0}
  m_PrefabInstance: {fileID: 0}
  m_PrefabAsset: {fileID: 0}
  serializedVersion: 6
  m_Component:
  - component: {fileID: 1187897178}
  m_Layer: 0
  m_Name: LeftLegHome
  m_TagString: Untagged
  m_Icon: {fileID: 7174288486110832750, guid: 0000000000000000d000000000000000, type: 0}
  m_NavMeshLayer: 0
  m_StaticEditorFlags: 0
  m_IsActive: 1
--- !u!4 &1187897178
Transform:
  m_ObjectHideFlags: 0
  m_CorrespondingSourceObject: {fileID: 0}
  m_PrefabInstance: {fileID: 0}
  m_PrefabAsset: {fileID: 0}
  m_GameObject: {fileID: 1187897177}
  m_LocalRotation: {x: -0, y: -0, z: 1.0226801e-30, w: 1}
  m_LocalPosition: {x: -0.093999915, y: 0.24, z: -0.027348533}
  m_LocalScale: {x: 0.8333332, y: 0.8333332, z: 0.8333332}
  m_Children: []
  m_Father: {fileID: 1756653399051270012}
  m_RootOrder: 4
  m_LocalEulerAnglesHint: {x: 0, y: 0, z: 0}
--- !u!1 &1270288884
GameObject:
  m_ObjectHideFlags: 0
  m_CorrespondingSourceObject: {fileID: 0}
  m_PrefabInstance: {fileID: 0}
  m_PrefabAsset: {fileID: 0}
  serializedVersion: 6
  m_Component:
  - component: {fileID: 1270288885}
  m_Layer: 7
  m_Name: IdlePos
  m_TagString: Untagged
  m_Icon: {fileID: 0}
  m_NavMeshLayer: 0
  m_StaticEditorFlags: 0
  m_IsActive: 1
--- !u!4 &1270288885
Transform:
  m_ObjectHideFlags: 0
  m_CorrespondingSourceObject: {fileID: 0}
  m_PrefabInstance: {fileID: 0}
  m_PrefabAsset: {fileID: 0}
  m_GameObject: {fileID: 1270288884}
  m_LocalRotation: {x: 0, y: 0, z: 0, w: 1}
  m_LocalPosition: {x: -0.08, y: 0.336, z: 0.297}
  m_LocalScale: {x: 1, y: 1, z: 1}
  m_Children: []
  m_Father: {fileID: 1736141335737839733}
  m_RootOrder: 3
  m_LocalEulerAnglesHint: {x: 0, y: 0, z: 0}
--- !u!1 &1897804374
GameObject:
  m_ObjectHideFlags: 0
  m_CorrespondingSourceObject: {fileID: 0}
  m_PrefabInstance: {fileID: 0}
  m_PrefabAsset: {fileID: 0}
  serializedVersion: 6
  m_Component:
  - component: {fileID: 1897804375}
  m_Layer: 0
  m_Name: RightLegHome
  m_TagString: Untagged
  m_Icon: {fileID: 7174288486110832750, guid: 0000000000000000d000000000000000, type: 0}
  m_NavMeshLayer: 0
  m_StaticEditorFlags: 0
  m_IsActive: 1
--- !u!4 &1897804375
Transform:
  m_ObjectHideFlags: 0
  m_CorrespondingSourceObject: {fileID: 0}
  m_PrefabInstance: {fileID: 0}
  m_PrefabAsset: {fileID: 0}
  m_GameObject: {fileID: 1897804374}
  m_LocalRotation: {x: -0, y: -0, z: 1.0226801e-30, w: 1}
  m_LocalPosition: {x: 0.09600005, y: 0.24, z: -0.027348533}
  m_LocalScale: {x: 0.8333332, y: 0.8333332, z: 0.8333332}
  m_Children: []
  m_Father: {fileID: 1756653399051270012}
  m_RootOrder: 5
  m_LocalEulerAnglesHint: {x: 0, y: 0, z: 0}
--- !u!1 &2010537547
GameObject:
  m_ObjectHideFlags: 0
  m_CorrespondingSourceObject: {fileID: 0}
  m_PrefabInstance: {fileID: 0}
  m_PrefabAsset: {fileID: 0}
  serializedVersion: 6
  m_Component:
  - component: {fileID: 2010537548}
  m_Layer: 7
  m_Name: ArmPole
  m_TagString: Untagged
  m_Icon: {fileID: -5938655980376293919, guid: 0000000000000000d000000000000000, type: 0}
  m_NavMeshLayer: 0
  m_StaticEditorFlags: 0
  m_IsActive: 1
--- !u!4 &2010537548
Transform:
  m_ObjectHideFlags: 0
  m_CorrespondingSourceObject: {fileID: 0}
  m_PrefabInstance: {fileID: 0}
  m_PrefabAsset: {fileID: 0}
  m_GameObject: {fileID: 2010537547}
  m_LocalRotation: {x: 0, y: 0, z: 0, w: 1}
  m_LocalPosition: {x: 0.247, y: 0.045, z: -0.26}
  m_LocalScale: {x: 1, y: 1, z: 1}
  m_Children: []
  m_Father: {fileID: 1368350133764165720}
  m_RootOrder: 1
  m_LocalEulerAnglesHint: {x: 0, y: 0, z: 0}
--- !u!1001 &6764937511094620506
PrefabInstance:
  m_ObjectHideFlags: 0
  serializedVersion: 2
  m_Modification:
    m_TransformParent: {fileID: 0}
    m_Modifications:
    - target: {fileID: 391524496482023403, guid: 72118320cd9f32e4186b731f7fb469dd, type: 3}
      propertyPath: m_LocalRotation.w
      value: 0.8332109
      objectReference: {fileID: 0}
    - target: {fileID: 391524496482023403, guid: 72118320cd9f32e4186b731f7fb469dd, type: 3}
      propertyPath: m_LocalRotation.x
      value: 0
      objectReference: {fileID: 0}
    - target: {fileID: 391524496482023403, guid: 72118320cd9f32e4186b731f7fb469dd, type: 3}
      propertyPath: m_LocalRotation.y
      value: 0
      objectReference: {fileID: 0}
    - target: {fileID: 391524496482023403, guid: 72118320cd9f32e4186b731f7fb469dd, type: 3}
      propertyPath: m_LocalRotation.z
      value: 0.5529554
      objectReference: {fileID: 0}
    - target: {fileID: 391524496482023403, guid: 72118320cd9f32e4186b731f7fb469dd, type: 3}
      propertyPath: m_LocalEulerAnglesHint.z
      value: 67.14
      objectReference: {fileID: 0}
    - target: {fileID: 1522729060555174049, guid: 72118320cd9f32e4186b731f7fb469dd, type: 3}
      propertyPath: m_LocalRotation.w
      value: 1
      objectReference: {fileID: 0}
    - target: {fileID: 1522729060555174049, guid: 72118320cd9f32e4186b731f7fb469dd, type: 3}
      propertyPath: m_LocalRotation.x
      value: -0.000000014901438
      objectReference: {fileID: 0}
    - target: {fileID: 1522729060555174049, guid: 72118320cd9f32e4186b731f7fb469dd, type: 3}
      propertyPath: m_LocalRotation.y
      value: 4.575928e-14
      objectReference: {fileID: 0}
    - target: {fileID: 1522729060555174049, guid: 72118320cd9f32e4186b731f7fb469dd, type: 3}
      propertyPath: m_LocalRotation.z
      value: 0.00000016507317
      objectReference: {fileID: 0}
    - target: {fileID: 3816594855804046519, guid: 72118320cd9f32e4186b731f7fb469dd, type: 3}
      propertyPath: m_Icon
      value: 
      objectReference: {fileID: -964228994112308473, guid: 0000000000000000d000000000000000, type: 0}
    - target: {fileID: 3816594855804046519, guid: 72118320cd9f32e4186b731f7fb469dd, type: 3}
      propertyPath: m_IsActive
      value: 1
      objectReference: {fileID: 0}
    - target: {fileID: 4456786513210630589, guid: 72118320cd9f32e4186b731f7fb469dd, type: 3}
      propertyPath: m_LocalRotation.w
      value: 0.9716073
      objectReference: {fileID: 0}
    - target: {fileID: 4456786513210630589, guid: 72118320cd9f32e4186b731f7fb469dd, type: 3}
      propertyPath: m_LocalRotation.x
      value: 0.02838462
      objectReference: {fileID: 0}
    - target: {fileID: 4456786513210630589, guid: 72118320cd9f32e4186b731f7fb469dd, type: 3}
      propertyPath: m_LocalRotation.y
      value: 0.1640734
      objectReference: {fileID: 0}
    - target: {fileID: 4456786513210630589, guid: 72118320cd9f32e4186b731f7fb469dd, type: 3}
      propertyPath: m_LocalRotation.z
      value: 0.16808762
      objectReference: {fileID: 0}
    - target: {fileID: 4456786513210630589, guid: 72118320cd9f32e4186b731f7fb469dd, type: 3}
      propertyPath: m_LocalEulerAnglesHint.y
      value: 19.17
      objectReference: {fileID: 0}
    - target: {fileID: 4456786513210630589, guid: 72118320cd9f32e4186b731f7fb469dd, type: 3}
      propertyPath: m_LocalEulerAnglesHint.z
      value: 19.63
      objectReference: {fileID: 0}
    - target: {fileID: 4925491712898010981, guid: 72118320cd9f32e4186b731f7fb469dd, type: 3}
      propertyPath: m_Icon
      value: 
      objectReference: {fileID: -964228994112308473, guid: 0000000000000000d000000000000000, type: 0}
    - target: {fileID: 5008284429985801766, guid: 72118320cd9f32e4186b731f7fb469dd, type: 3}
      propertyPath: m_RootOrder
      value: 0
      objectReference: {fileID: 0}
    - target: {fileID: 5008284429985801766, guid: 72118320cd9f32e4186b731f7fb469dd, type: 3}
      propertyPath: m_LocalPosition.x
      value: 0.469
      objectReference: {fileID: 0}
    - target: {fileID: 5008284429985801766, guid: 72118320cd9f32e4186b731f7fb469dd, type: 3}
      propertyPath: m_LocalPosition.y
      value: -0.113
      objectReference: {fileID: 0}
    - target: {fileID: 5008284429985801766, guid: 72118320cd9f32e4186b731f7fb469dd, type: 3}
      propertyPath: m_LocalPosition.z
      value: 0
      objectReference: {fileID: 0}
    - target: {fileID: 5008284429985801766, guid: 72118320cd9f32e4186b731f7fb469dd, type: 3}
      propertyPath: m_LocalRotation.w
      value: 1
      objectReference: {fileID: 0}
    - target: {fileID: 5008284429985801766, guid: 72118320cd9f32e4186b731f7fb469dd, type: 3}
      propertyPath: m_LocalRotation.x
      value: 0
      objectReference: {fileID: 0}
    - target: {fileID: 5008284429985801766, guid: 72118320cd9f32e4186b731f7fb469dd, type: 3}
      propertyPath: m_LocalRotation.y
      value: 0
      objectReference: {fileID: 0}
    - target: {fileID: 5008284429985801766, guid: 72118320cd9f32e4186b731f7fb469dd, type: 3}
      propertyPath: m_LocalRotation.z
      value: 0
      objectReference: {fileID: 0}
    - target: {fileID: 5008284429985801766, guid: 72118320cd9f32e4186b731f7fb469dd, type: 3}
      propertyPath: m_LocalEulerAnglesHint.x
      value: 0
      objectReference: {fileID: 0}
    - target: {fileID: 5008284429985801766, guid: 72118320cd9f32e4186b731f7fb469dd, type: 3}
      propertyPath: m_LocalEulerAnglesHint.y
      value: 0
      objectReference: {fileID: 0}
    - target: {fileID: 5008284429985801766, guid: 72118320cd9f32e4186b731f7fb469dd, type: 3}
      propertyPath: m_LocalEulerAnglesHint.z
      value: 0
      objectReference: {fileID: 0}
    - target: {fileID: 5042309241982165295, guid: 72118320cd9f32e4186b731f7fb469dd, type: 3}
      propertyPath: m_LocalRotation.w
      value: 1
      objectReference: {fileID: 0}
    - target: {fileID: 5042309241982165295, guid: 72118320cd9f32e4186b731f7fb469dd, type: 3}
      propertyPath: m_LocalRotation.x
      value: 9.374213e-22
      objectReference: {fileID: 0}
    - target: {fileID: 5042309241982165295, guid: 72118320cd9f32e4186b731f7fb469dd, type: 3}
      propertyPath: m_LocalRotation.y
      value: -0.0000000016191014
      objectReference: {fileID: 0}
    - target: {fileID: 5042309241982165295, guid: 72118320cd9f32e4186b731f7fb469dd, type: 3}
      propertyPath: m_LocalRotation.z
      value: 0.000000049044417
      objectReference: {fileID: 0}
    - target: {fileID: 5677579579797814428, guid: 72118320cd9f32e4186b731f7fb469dd, type: 3}
      propertyPath: m_Name
      value: FullProc
      objectReference: {fileID: 0}
    - target: {fileID: 5685982543621876759, guid: 72118320cd9f32e4186b731f7fb469dd, type: 3}
      propertyPath: m_Materials.Array.data[0]
      value: 
      objectReference: {fileID: 2100000, guid: b5611a326b78f434b9373d6af890dbef, type: 2}
    - target: {fileID: 5700635602750112002, guid: 72118320cd9f32e4186b731f7fb469dd, type: 3}
      propertyPath: m_LocalRotation.w
      value: 1
      objectReference: {fileID: 0}
    - target: {fileID: 5700635602750112002, guid: 72118320cd9f32e4186b731f7fb469dd, type: 3}
      propertyPath: m_LocalRotation.x
      value: 0.000000017131233
      objectReference: {fileID: 0}
    - target: {fileID: 5700635602750112002, guid: 72118320cd9f32e4186b731f7fb469dd, type: 3}
      propertyPath: m_LocalRotation.y
      value: -3.8450237e-14
      objectReference: {fileID: 0}
    - target: {fileID: 5700635602750112002, guid: 72118320cd9f32e4186b731f7fb469dd, type: 3}
      propertyPath: m_LocalRotation.z
      value: 0.0000021494104
      objectReference: {fileID: 0}
    - target: {fileID: 5808784368117570000, guid: 72118320cd9f32e4186b731f7fb469dd, type: 3}
      propertyPath: m_Icon
      value: 
      objectReference: {fileID: -964228994112308473, guid: 0000000000000000d000000000000000, type: 0}
    - target: {fileID: 6114992264335769485, guid: 72118320cd9f32e4186b731f7fb469dd, type: 3}
      propertyPath: m_Icon
      value: 
      objectReference: {fileID: -964228994112308473, guid: 0000000000000000d000000000000000, type: 0}
    - target: {fileID: 7602409383784739980, guid: 72118320cd9f32e4186b731f7fb469dd, type: 3}
      propertyPath: m_LocalRotation.w
      value: 1
      objectReference: {fileID: 0}
    - target: {fileID: 7602409383784739980, guid: 72118320cd9f32e4186b731f7fb469dd, type: 3}
      propertyPath: m_LocalRotation.x
      value: 5.1618303e-26
      objectReference: {fileID: 0}
    - target: {fileID: 7602409383784739980, guid: 72118320cd9f32e4186b731f7fb469dd, type: 3}
      propertyPath: m_LocalRotation.y
      value: -5.6754924e-14
      objectReference: {fileID: 0}
    - target: {fileID: 7602409383784739980, guid: 72118320cd9f32e4186b731f7fb469dd, type: 3}
      propertyPath: m_LocalRotation.z
      value: 9.080786e-13
      objectReference: {fileID: 0}
    - target: {fileID: 9083693896912427219, guid: 72118320cd9f32e4186b731f7fb469dd, type: 3}
      propertyPath: m_LocalRotation.w
      value: 1
      objectReference: {fileID: 0}
    - target: {fileID: 9083693896912427219, guid: 72118320cd9f32e4186b731f7fb469dd, type: 3}
      propertyPath: m_LocalRotation.x
      value: -0.000000045197112
      objectReference: {fileID: 0}
    - target: {fileID: 9083693896912427219, guid: 72118320cd9f32e4186b731f7fb469dd, type: 3}
      propertyPath: m_LocalRotation.y
      value: 3.3622166e-14
      objectReference: {fileID: 0}
    - target: {fileID: 9083693896912427219, guid: 72118320cd9f32e4186b731f7fb469dd, type: 3}
      propertyPath: m_LocalRotation.z
      value: -0.00000025728662
      objectReference: {fileID: 0}
    m_RemovedComponents: []
  m_SourcePrefab: {fileID: 100100000, guid: 72118320cd9f32e4186b731f7fb469dd, type: 3}
--- !u!1 &1381253068709866950 stripped
GameObject:
  m_CorrespondingSourceObject: {fileID: 5677579579797814428, guid: 72118320cd9f32e4186b731f7fb469dd, type: 3}
  m_PrefabInstance: {fileID: 6764937511094620506}
  m_PrefabAsset: {fileID: 0}
--- !u!4 &1756653399051270012 stripped
Transform:
  m_CorrespondingSourceObject: {fileID: 5008284429985801766, guid: 72118320cd9f32e4186b731f7fb469dd, type: 3}
  m_PrefabInstance: {fileID: 6764937511094620506}
  m_PrefabAsset: {fileID: 0}
--- !u!4 &1736141335737839733 stripped
Transform:
  m_CorrespondingSourceObject: {fileID: 5042309241982165295, guid: 72118320cd9f32e4186b731f7fb469dd, type: 3}
  m_PrefabInstance: {fileID: 6764937511094620506}
  m_PrefabAsset: {fileID: 0}
--- !u!1 &665745228966932183 stripped
GameObject:
  m_CorrespondingSourceObject: {fileID: 6114992264335769485, guid: 72118320cd9f32e4186b731f7fb469dd, type: 3}
  m_PrefabInstance: {fileID: 6764937511094620506}
  m_PrefabAsset: {fileID: 0}
--- !u!1 &7572422471975575021 stripped
GameObject:
  m_CorrespondingSourceObject: {fileID: 3816594855804046519, guid: 72118320cd9f32e4186b731f7fb469dd, type: 3}
  m_PrefabInstance: {fileID: 6764937511094620506}
  m_PrefabAsset: {fileID: 0}
--- !u!1 &4709751258683566309 stripped
GameObject:
  m_CorrespondingSourceObject: {fileID: 2070959854889662911, guid: 72118320cd9f32e4186b731f7fb469dd, type: 3}
  m_PrefabInstance: {fileID: 6764937511094620506}
  m_PrefabAsset: {fileID: 0}
--- !u!1 &1854144181420170815 stripped
GameObject:
  m_CorrespondingSourceObject: {fileID: 4925491712898010981, guid: 72118320cd9f32e4186b731f7fb469dd, type: 3}
  m_PrefabInstance: {fileID: 6764937511094620506}
  m_PrefabAsset: {fileID: 0}
--- !u!1 &2488576237857089919 stripped
GameObject:
  m_CorrespondingSourceObject: {fileID: 9180816769692055589, guid: 72118320cd9f32e4186b731f7fb469dd, type: 3}
  m_PrefabInstance: {fileID: 6764937511094620506}
  m_PrefabAsset: {fileID: 0}
--- !u!4 &1368350133764165720 stripped
Transform:
  m_CorrespondingSourceObject: {fileID: 5700635602750112002, guid: 72118320cd9f32e4186b731f7fb469dd, type: 3}
  m_PrefabInstance: {fileID: 6764937511094620506}
  m_PrefabAsset: {fileID: 0}
--- !u!1 &971951003437877386 stripped
GameObject:
  m_CorrespondingSourceObject: {fileID: 5808784368117570000, guid: 72118320cd9f32e4186b731f7fb469dd, type: 3}
  m_PrefabInstance: {fileID: 6764937511094620506}
  m_PrefabAsset: {fileID: 0}
--- !u!114 &654309718
MonoBehaviour:
  m_ObjectHideFlags: 0
  m_CorrespondingSourceObject: {fileID: 0}
  m_PrefabInstance: {fileID: 0}
  m_PrefabAsset: {fileID: 0}
  m_GameObject: {fileID: 1381253068709866950}
  m_Enabled: 1
  m_EditorHideFlags: 0
  m_Script: {fileID: 11500000, guid: aecb81191df709a499acd0daac61d4b4, type: 3}
  m_Name: 
  m_EditorClassIdentifier: 
  restBetweenAttackMinMax: {x: 0.3, y: 1.1}
  atkRange: 2
  timeForFullTurn: 1
  angleToStartAtk: 15
  walkSpeed: 3
  maxComboCount: 3
  comboStep: 0.4
--- !u!114 &654309719
MonoBehaviour:
  m_ObjectHideFlags: 0
  m_CorrespondingSourceObject: {fileID: 0}
  m_PrefabInstance: {fileID: 0}
  m_PrefabAsset: {fileID: 0}
  m_GameObject: {fileID: 1381253068709866950}
  m_Enabled: 1
  m_EditorHideFlags: 0
  m_Script: {fileID: 11500000, guid: aa6b1f0ec7379f24ba6b48f6c1151fc1, type: 3}
  m_Name: 
  m_EditorClassIdentifier: 
  curveTarget: {fileID: 0}
  anticipationDuration: 0.5
  attackDuration: 0.7
  recoverDuration: 0.5
  sword: {fileID: 0}
  idlePos: {fileID: 1270288885}
--- !u!114 &132510250
MonoBehaviour:
  m_ObjectHideFlags: 0
  m_CorrespondingSourceObject: {fileID: 0}
  m_PrefabInstance: {fileID: 0}
  m_PrefabAsset: {fileID: 0}
  m_GameObject: {fileID: 665745228966932183}
  m_Enabled: 1
  m_EditorHideFlags: 0
  m_Script: {fileID: 11500000, guid: 867359b67ce09dc4c8a8b71e22abd66d, type: 3}
  m_Name: 
  m_EditorClassIdentifier: 
  ChainLength: 2
  Target: {fileID: 0}
  Pole: {fileID: 76008139}
  Iterations: 1
  Delta: 0.001
--- !u!114 &132510249
MonoBehaviour:
  m_ObjectHideFlags: 0
  m_CorrespondingSourceObject: {fileID: 0}
  m_PrefabInstance: {fileID: 0}
  m_PrefabAsset: {fileID: 0}
  m_GameObject: {fileID: 7572422471975575021}
  m_Enabled: 1
  m_EditorHideFlags: 0
  m_Script: {fileID: 11500000, guid: 867359b67ce09dc4c8a8b71e22abd66d, type: 3}
  m_Name: 
  m_EditorClassIdentifier: 
  ChainLength: 2
  Target: {fileID: 0}
  Pole: {fileID: 76008139}
  Iterations: 1
  Delta: 0.001
--- !u!114 &2009072281
MonoBehaviour:
  m_ObjectHideFlags: 0
  m_CorrespondingSourceObject: {fileID: 0}
  m_PrefabInstance: {fileID: 0}
  m_PrefabAsset: {fileID: 0}
  m_GameObject: {fileID: 4709751258683566309}
  m_Enabled: 1
  m_EditorHideFlags: 0
  m_Script: {fileID: 11500000, guid: 37c792b909fbbca4f882ef97cf86da03, type: 3}
  m_Name: 
  m_EditorClassIdentifier: 
  look: {fileID: 0}
  rotationSpeed: 5
--- !u!114 &1213016745
MonoBehaviour:
  m_ObjectHideFlags: 0
  m_CorrespondingSourceObject: {fileID: 0}
  m_PrefabInstance: {fileID: 0}
  m_PrefabAsset: {fileID: 0}
  m_GameObject: {fileID: 1854144181420170815}
  m_Enabled: 1
  m_EditorHideFlags: 0
  m_Script: {fileID: 11500000, guid: 2ea1f388a2b87c144b003b3ca3a6af97, type: 3}
  m_Name: 
  m_EditorClassIdentifier: 
  target: {fileID: 0}
  maxAngle: 60
  speed: 4
--- !u!114 &1990646898
MonoBehaviour:
  m_ObjectHideFlags: 0
  m_CorrespondingSourceObject: {fileID: 0}
  m_PrefabInstance: {fileID: 0}
  m_PrefabAsset: {fileID: 0}
  m_GameObject: {fileID: 2488576237857089919}
  m_Enabled: 1
  m_EditorHideFlags: 0
  m_Script: {fileID: 11500000, guid: ec50ba9916068444f9494e5319b388d1, type: 3}
  m_Name: 
  m_EditorClassIdentifier: 
--- !u!114 &1563026086
MonoBehaviour:
  m_ObjectHideFlags: 0
  m_CorrespondingSourceObject: {fileID: 0}
  m_PrefabInstance: {fileID: 0}
  m_PrefabAsset: {fileID: 0}
  m_GameObject: {fileID: 971951003437877386}
  m_Enabled: 1
  m_EditorHideFlags: 0
  m_Script: {fileID: 11500000, guid: 867359b67ce09dc4c8a8b71e22abd66d, type: 3}
  m_Name: 
  m_EditorClassIdentifier: 
  ChainLength: 2
  Target: {fileID: 0}
  Pole: {fileID: 0}
  Iterations: 1
  Delta: 0.001
